@Article{dcore,
  volume = {11},
  month = {Aug},
  numpages = {18},
  author = {Smithee, Alan and Bourbaki, Nicolas},
  year = {2017},
  url = {https://www.google.co.jp/search?q=pie&source=lnms&tbm=isch&sa=X&ved=0ahUKEwiy273Ky97VAhUGVrwKHWLZB3kQ_AUICigB&biw=1371&bih=803},
  doi = {10.1103/PhysRevB.80.085101},
  issue = {8},
  title = {Dynamical mean-field theory for pie},
  publisher = {American Physical Society},
  pages = {085101},
  journal = {Phys. Rev. B}
}
